@book{lipsum2014book,
  author    =   "Happel, P.",
  title     =   "Lorem Ipsum Dolor",
  series    =   "The Lipsum Package",
  publisher =   "CTAN",
  year      =   "2013",
  isbn      =   "0101010101010"
}

@misc{lipsum2014website,
  author    =   "Happel, P.",
  title     =   "Lorem Ipsum Dolor",
  year      =   "2014",
  url       =   "http://ctan.org/pkg/lipsum",
  note      =   "Bes√∏gt: 21-09-2016"
}